@inproceedings{harrold,
 author = {Jones, James A. and Harrold, Mary Jean},
 title = {Empirical Evaluation of the Tarantula Automatic Fault-localization Technique},
 booktitle = {Proceedings of the 20th IEEE/ACM International Conference on Automated Software Engineering},
 series = {ASE '05},
 year = {2005},
 isbn = {1-58113-993-4},
 location = {Long Beach, CA, USA},
 pages = {273--282},
 numpages = {10},
 url = {http://doi.acm.org/10.1145/1101908.1101949},
 doi = {10.1145/1101908.1101949},
 acmid = {1101949},
 publisher = {ACM},
 address = {New York, NY, USA},
 keywords = {automated debugging, empirical study, fault localization, program analysis},
}

@inproceedings{parnin,
 author = {Parnin, Chris and Orso, Alessandro},
 title = {Are Automated Debugging Techniques Actually Helping Programmers?},
 booktitle = {Proceedings of the 2011 International Symposium on Software Testing and Analysis},
 series = {ISSTA '11},
 year = {2011},
 isbn = {978-1-4503-0562-4},
 location = {Toronto, Ontario, Canada},
 pages = {199--209},
 numpages = {11},
 url = {http://doi.acm.org/10.1145/2001420.2001445},
 doi = {10.1145/2001420.2001445},
 acmid = {2001445},
 publisher = {ACM},
 address = {New York, NY, USA},
 keywords = {statistical debugging, user studies},
}

@online{jacoco, 
    author={Mountainminds GmbH and Co. KG and Contributors}, 
    title={EclEmma - Java Code Coverage for Eclipse}, 
    year={2014}, 
    url={http://www.eclemma.org/}
}

@inproceedings{major,
 author = {Just, Ren{\'e} and Schweiggert, Franz and Kapfhammer, Gregory M.},
 title = {MAJOR: An Efficient and Extensible Tool for Mutation Analysis in a Java Compiler},
 booktitle = {Proceedings of the 2011 26th IEEE/ACM International Conference on Automated Software Engineering},
 series = {ASE '11},
 year = {2011},
 isbn = {978-1-4577-1638-6},
 pages = {612--615},
 numpages = {4},
 url = {http://dx.doi.org/10.1109/ASE.2011.6100138},
 doi = {10.1109/ASE.2011.6100138},
 acmid = {2190146},
 publisher = {IEEE Computer Society},
 address = {Washington, DC, USA},
}

@inproceedings{mutants,
 author = {Just, Ren{\'e} and Jalali, Darioush and Inozemtseva, Laura and Ernst, Michael D. and Holmes, Reid and Fraser, Gordon},
 title = {Are Mutants a Valid Substitute for Real Faults in Software Testing?},
 booktitle = {Proceedings of the 22Nd ACM SIGSOFT International Symposium on Foundations of Software Engineering},
 series = {FSE 2014},
 year = {2014},
 isbn = {978-1-4503-3056-5},
 location = {Hong Kong, China},
 pages = {654--665},
 numpages = {12},
 url = {http://doi.acm.org/10.1145/2635868.2635929},
 doi = {10.1145/2635868.2635929},
 acmid = {2635929},
 publisher = {ACM},
 address = {New York, NY, USA},
 keywords = {Test effectiveness, code coverage, mutation analysis, real faults},
}

@inproceedings{genprog,
 author = {Qi, Yuhua and Mao, Xiaoguang and Lei, Yan and Wang, Chengsong},
 title = {Using Automated Program Repair for Evaluating the Effectiveness of Fault Localization Techniques},
 booktitle = {Proceedings of the 2013 International Symposium on Software Testing and Analysis},
 series = {ISSTA 2013},
 year = {2013},
 isbn = {978-1-4503-2159-4},
 location = {Lugano, Switzerland},
 pages = {191--201},
 numpages = {11},
 url = {http://doi.acm.org/10.1145/2483760.2483785},
 doi = {10.1145/2483760.2483785},
 acmid = {2483785},
 publisher = {ACM},
 address = {New York, NY, USA},
 keywords = {Fault localization, automated debugging, automated program repair},
} 

@article{theory,
 author = {Xie, Xiaoyuan and Chen, Tsong Yueh and Kuo, Fei-Ching and Xu, Baowen},
 title = {A Theoretical Analysis of the Risk Evaluation Formulas for Spectrum-based Fault Localization},
 journal = {ACM Trans. Softw. Eng. Methodol.},
 issue_date = {October 2013},
 volume = {22},
 number = {4},
 month = oct,
 year = {2013},
 issn = {1049-331X},
 pages = {31:1--31:40},
 articleno = {31},
 numpages = {40},
 url = {http://doi.acm.org/10.1145/2522920.2522924},
 doi = {10.1145/2522920.2522924},
 acmid = {2522924},
 publisher = {ACM},
 address = {New York, NY, USA},
 keywords = {Debugging, risk evaluation formulas, spectrum-based fault localization, testing},
}

@article{naish,
 author = {Naish, Lee and Lee, Hua Jie and Ramamohanarao, Kotagiri},
 title = {A Model for Spectra-based Software Diagnosis},
 journal = {ACM Trans. Softw. Eng. Methodol.},
 issue_date = {August 2011},
 volume = {20},
 number = {3},
 month = aug,
 year = {2011},
 issn = {1049-331X},
 pages = {11:1--11:32},
 articleno = {11},
 numpages = {32},
 url = {http://doi.acm.org/10.1145/2000791.2000795},
 doi = {10.1145/2000791.2000795},
 acmid = {2000795},
 publisher = {ACM},
 address = {New York, NY, USA},
 keywords = {Fault localization, program spectra, statistical debugging},
}

@article{sir,
 author = {Hyunsook Do and Sebastian G. Elbaum and Gregg Rothermel},
 title = {Supporting Controlled Experimentation with Testing Techniques: An Infrastructure and its Potential Impact.},
 journal = {Empirical Software Engineering: An International Journal},
 volume = {10},
 number = {4},
 pages = {405--435},
 year = {2005},
}

@inproceedings{cause,
 author = {Cleve, Holger and Zeller, Andreas},
 title = {Locating Causes of Program Failures},
 booktitle = {Proceedings of the 27th International Conference on Software Engineering},
 series = {ICSE '05},
 year = {2005},
 isbn = {1-58113-963-2},
 location = {St. Louis, MO, USA},
 pages = {342--351},
 numpages = {10},
 url = {http://doi.acm.org/10.1145/1062455.1062522},
 doi = {10.1145/1062455.1062522},
 acmid = {1062522},
 publisher = {ACM},
 address = {New York, NY, USA},
 keywords = {adaptive testing, automated debugging, program analysis, tracing},
}

@article{students,
 author = {Tichy, Walter F.},
 title = {Hints for Reviewing Empirical Work in Software Engineering},
 journal = {Empirical Softw. Engg.},
 issue_date = {December 2000},
 volume = {5},
 number = {4},
 month = dec,
 year = {2000},
 issn = {1382-3256},
 pages = {309--312},
 numpages = {4},
 url = {http://dx.doi.org/10.1023/A:1009844119158},
 doi = {10.1023/A:1009844119158},
 acmid = {594550},
 publisher = {Kluwer Academic Publishers},
 address = {Hingham, MA, USA},
}

@article{wong,
 title = "A family of code coverage-based heuristics for effective fault localization ",
 journal = "Journal of Systems and Software ",
 volume = "83",
 number = "2",
 pages = "188 - 208",
 year = "2010",
 note = "Computer Software and Applications ",
 issn = "0164-1212",
 doi = "http://dx.doi.org/10.1016/j.jss.2009.09.037",
 url = "http://www.sciencedirect.com/science/article/pii/S0164121209002465",
 author = "W. Eric Wong and Vidroha Debroy and Byoungju Choi",
}

@article{tidy,
  author =	"Hadley  Wickham",
  title =	"Tidy Data",
  journal =	"Journal of Statistical Software",
  volume =	"59",
  number =	"10",
  pages =	"??--??",
  day =  	"12",
  month =	"9",
  year = 	"2014",
  CODEN =	"JSSOBK",
  ISSN = 	"1548-7660",
  bibdate =	"2014-05-09",
  URL =  	"http://www.jstatsoft.org/v59/i10",
  accepted =	"2014-05-09",
  acknowledgement = "",
  keywords =	"",
  submitted =	"2013-02-20",
}

@misc{discpost,
	author =       "Tilmann Scheller",
	title =        "Sourceforge CodeCover Discussion",
	howpublished = {\url{http://sourceforge.net/p/codecover/discussion/738682/thread/6dd3afe6/}},
	month = 	   "January",
	year =         "2008",
	note =		   "Accessed: 2015-04",
}

@misc{jniinchi,
	author =       "Sam Adams",
	title =        "Jni-InChi",
	month =		   "October",
	year =		   "2010",
	howpublished = {\url{http://jni-inchi.sourceforge.net/}},
	note =		   "Accessed: 2015-04",
}

@misc{r,
	howpublished = {\url{http://www.r-project.org/}},
	title =        "R: The R Project for Statistical Computing",
	note =	       "Accessed: 2015-04",
}

@misc{ggplot2,
	howpublished = {\url{http://ggplot2.org/}},
	title =		   "ggplot2",
	author = 	   "Hadley Wickham",
	year =		   "2013",
	note =		   "Accessed: 2015-04",
}